@Article{collier2001,
	author = {S. Collier; B.M. Peterson},
	year = {2001},
	title = {Characteristic Ultraviolet/Optical Timescales in Active Galactic Nuclei},
	journal = {The Astrophysical Journal},
	volume = {555},
	pages = {775}
}
@Article{test1,
author = {author1},
title = {title1},
journal = {journal1},
year = {year1},
volume = {volume1},
pages = {pages1}
}
@Book{test2,
author = {author2},
editor = {editor2},
title = {title2},
publisher = {publisher2},
year = {year2},
volume = {volume1},
series = {series1},
address = {address1},
edition = {edition1},
month = {month1},
note = {note1},
annote = {annote1}
}
