@Article{collier2001,
	author = {Collier, S. and Peterson, B.~M.},
	year = {2001},
	title = {Characteristic Ultraviolet/Optical Timescales in Active Galactic Nuclei},
	journal = {The Astrophysical Journal},
	volume = {555},
	pages = {775}
}
@Article{cordes1985,
	author = {Simonetti, J.~H. and Cordes, J.~M. and Heeschen, D.~S.},
	year = {1985},
	title = {Flicker of extragalactic radio sources at two frequencies},
	journal = {The Astrophysical Journal},
	volume = {296},
	pages = {46-59}
}
@Article{rutman,
	author = {Rutman, J.},
	year = {1978},
	title = {Characterization of phase and frequency instabilities in precision frequency sources: Fifteen years of progress},
	journal = {Proceedings of the IEEE},
	volume = {66},
	issue = {9},
	pages = {1048-1075}
}
@Article{gillessen2009,
	author = {Gillesse, S. and Eisenhauer, F. and Trippe, S. and Alexander, T. and Genzel, R. and Martins, F. and Ott, T.},
	year = {2009},
	title = {Monitoring Stellar Orbits Around the Massive Black Hole in the Galactic Center},
	journal = {The Astrophysical Journal},
	volume = {692},
	issue = {2},
	pages = {1075-1109}
}
@Article{koratkar,
	author = {Koratkar, A. and Blaes, O.},
	year = {1999},
	title = {The Ultraviolet and Optical Continuum Emission in Active Galactic Nuclei: The Status of Accretion Disks},
	journal = {Publications of the Astronomical Society of the Pacific},
	volume = {111},
	pages = {1â€“30}
}
@Article{grupe2012,
	author = {Grupe, D. and Komossa, S. and Gallo, L.~C. and Longinotti, A.~L. and Fabian, A.~C. and Pradhan, A.~K. and Gruberbauer, M. and Xu, D.},
	year = {2012},
	title = {A Remarkable Tong-Term Light Curve and Deep, Low-State Spectroscopy: Swift and XMM-Newton Monitoring of the NLS1 Galaxy Mkn 335},
	journal = {The Astrophysical Journal Supplement},
	volume = {199},
	issue = {2},
	pages = {28}
}
@Article{galloblue,
	author = {Gallo, L.~C. and Blue, D. and Grupe, D. and Komossa, S. and Wilkins, D.~R.},
	year = {2018},
	title = {Eleven years of monitoring the Seyfert 1 Mrk 335 with Swift: Characterizing the X-ray and UV/optical variability},
	journal = {Monthly Notices of the Royal Astronomical Society},
	volume = {478},
	issue = {2},
	pages = {2557-2568}
}
@Article{rxtepaper,
	author = {Rivers, E. and Markowitz A. and Rothschild R.},
	year = {2013},
	title = {Full Spectral Survey of Active Galactic Nuclei in the Rossi X-ray Timing Explorer Archive},
	journal = {The Astrophysical Journal},
	volume = {772},
	issue = {2},
	pages = {114-132}
}
@MastersThesis{spruin,
	author = {Spruin, Sarah},
	type = {Undergraduate Honors Thesis},
	title = {Exploring Comptonised Reflection from the Inner Part of Accretion Discs Around Black Holes},
	year = {2015},
	school = {Mount Saint Vincent University}
}
@Book{dinverno,
	author = {d'Inverno, Ray},
	title = {Introducing Einstein's General Relativity},
	publisher = {Clarendon Press},
	year = {1993},
	edition = {1st}
}
@Book{sag,
	author = {Seeds, Michael A. and Backman, Dana E.},
	title = {Stars and Galaxies},
	publisher = {Brooks/Cole},
	year = {2013},
	edition = {8th}
}
@online{rxte,
	author = {University of California, San Diego Center for Astrophysics and Space Sciences, X-ray Group (R.E. Rothschild, A.G. Markowitz, E.S. Rivers, and B.A. McKim)},
	title = {RXTE AGN Timing & Spectral Database},
	year = {2013},
	url = {https://cass.ucsd.edu/~rxteagn/}
}
@online{devaucouleurs,
	author = {Ciccolella, Antonio and De~Leo, M.},
	title = {Hubble - de Vaucouleurs Galaxy Morphology Diagram},
	year = {2016},
	url = {https://en.wikipedia.org/wiki/File:Hubble-Vaucouleurs.png}
}
@online{m32,
	author = {Wikisky},
	title = {Messier 32 - "Le Gentil" Dwarf Elliptical Galaxy},
	year = {2017},
	url = {https://www.universetoday.com/wp-content/uploads/2009/07/Messier-32-e1484594524605.jpg}
}
@online{ngc1316,
	author = {NASA and ESA and The~Hubble~Herritage~Team},
	title = {Hubble spies cosmic dust bunnies},
	year = {2005},
	url = {https://www.spacetelescope.org/images/opo0511a/}
}
@online{arp273,
	author = {NASA and ESA and The~Hubble~Herritage~Team},
	title = {NASA's Hubble Celebrates 21st Anniversary with "Rose" of Galaxies},
	year = {2011},
	url = {https://www.spacetelescope.org/images/heic1107a/}
}
@online{ngc1365,
	author = {Gilbert, R. and Goldman, D. and Harvey, J. and Verschatse, D.},
	title = {Astronomy Picture of the Day},
	year = {2007},
	url = {https://apod.nasa.gov/apod/ap070328.html}
}
@online{smallmag,
	author = {NASA and ESA and The~Hubble~Herritage~Team},
	title = {Young stars sculpt gas with powerful outflows},
	year = {2005},
	url = {https://www.spacetelescope.org/images/heic0514a/}
}
@online{largemag,
	author = {NASA and ESA and The~Hubble~Herritage~Team},
	title = {Hubble view of the huge star formations region N11 in the Large Magellanic Cloud},
	year = {2010},
	url = {https://www.spacetelescope.org/images/heic1107a/}
}
@online{m82a,
	author = {NASA and ESA and The~Hubble~Herritage~Team},
	title = {The magnificient starburst galaxy Messier 82},
	year = {2006},
	url = {https://www.spacetelescope.org/images/heic0604a/}
}
@online{m82b,
	author = {NASA and ESA and The~Hubble~Herritage~Team},
	title = {Great observatories composite},
	year = {2006},
	url = {https://www.spacetelescope.org/images/heic0604d/}
}
@online{unifiedmodel,
	author = {Myers, J.~D. and Newman, Phil and Hays, Elizabeth},
	title = {Exploring Active Galactic Nuclei},
	year = {2016},
	url = {https://fermi.gsfc.nasa.gov/science/eteu/agn/}
}
@online{cygx1,
	author = {NASA and ESA and The~Hubble~Herritage~Team},
	title = {Artist's impression of Cygnus X-1},
	year = {2002},
	url = {https://www.spacetelescope.org/images/cygx1_illust_orig/}
}
@online{telescope,
	author = {NASA},
	title = {X-ray Telescopes Introduction},
	year = {2018},
	url = {https://imagine.gsfc.nasa.gov/observatories/technology/xray_telescopes1.html}
}
@online {mercury,
	author = {Guerin, Laura},
	title = {Orbital Motion: Learn about how Mercury's orbit conflicted with Newtonian physics},
	year = {2018},
	url = {https://www.ck12.org/physics/Orbital-Motion/rwa/Mercurys-Orbit/}
}